<record xmlns="http://www.loc.gov/MARC21/slim" xmlns:xsi="http://www.w3.org/2001/XMLSchema-instance" xsi:schemaLocation="http://www.loc.gov/MARC21/slim http://www.loc.gov/standards/marcxml/schema/MARC21slim.xsd">

  <leader>00379nam a2200145Ia 4500</leader>
  <datafield ind1=" " tag="999" ind2=" ">
    <subfield code="c">1231</subfield>
    <subfield code="d">1231</subfield>
  </datafield>
  <controlfield tag="008">170519b2000    us ||||| |||| 00| | e   d</controlfield>
  <datafield ind1=" " ind2=" " tag="090">
    <subfield code="a">01.03.02 </subfield>
    <subfield code="b">792</subfield>
  </datafield>
  <datafield ind1="2" ind2=" " tag="110">
    <subfield code="9">569</subfield>
    <subfield code="a">UNICEF</subfield>
  </datafield>
  <datafield tag="245" ind2="0" ind1="1">
    <subfield code="a">Unicef annual report</subfield>
  </datafield>
  <datafield ind1=" " ind2=" " tag="260">
    <subfield code="a">New York, Estados Unidos : </subfield>
    <subfield code="b">UNICEF, </subfield>
    <subfield code="c">2000</subfield>
  </datafield>
  <datafield ind2=" " tag="300" ind1=" ">
    <subfield code="a">32 páginas</subfield>
  </datafield>
  <datafield ind2="4" tag="610" ind1="2">
    <subfield code="9">569</subfield>
    <subfield code="a">UNICEF</subfield>
  </datafield>
  <datafield tag="650" ind2="4" ind1="1">
    <subfield code="a">INFORMES ANUALES </subfield>
    <subfield code="9">621</subfield>
  </datafield>
  <datafield ind2=" " tag="942" ind1=" ">
    <subfield code="2">z</subfield>
    <subfield code="c">01</subfield>
  </datafield>
</record>